@techreport{LuoQiaoParallelLLL,
  author = "Yixian~Luo and Sanzheng~Qiao",
  title = "A Parallel LLL Algorithm",
  number = "CAS-10-03-SQ",
  institution = "Department of Computing and Software,
                 McMaster University",
  year = 2010,
  url = "http://www.cas.mcmaster.ca/cas/"}
  
@article{OriginalLLL,
  author = "A.K.~Lenstra, H.W.~Lenstra, Jr. and L.~Lov\'{a}sz",
  title = "Factoring Polynomials with Rational Coefficients",
  journal = "Mathematische Annalen",
  year = "1982",
  volume = "261",
  pages = "515-534"
} 


